@techreport{rabin1979digitalized,
  title={Digitalized signatures and public-key functions as intractable as factorization},
  author={Rabin, Michael O},
  year={1979},
  institution={Massachusetts Inst of Tech Cambridge Lab for Computer Science}
}

@MISC{rabin,
  title={Rabin cryptosystem},
  author={Wikipedia},
  howpublished={\url{https://en.wikipedia.org/wiki/Rabin_cryptosystem}},
  year={2019}
}

@MISC{crt,
  title={Chinese remainder theorem},
  author={Wikipedia},
  howpublished={\url{https://en.wikipedia.org/wiki/Chinese_remainder_theorem}},
  year={2019}
}

@MISC{lagrange,
  title={Lagrange polynomial},
  author={Wikipedia},
  howpublished={\url{https://en.wikipedia.org/wiki/Lagrange_polynomial}},
  year={2019}
}

@MISC{wolfram,
  title={WolframAlpha},
  howpublished={\url{http://wolframalpha.com/}},
  year={2019}
}
